<?xml version="1.0" encoding="UTF-8"?><record xmlns="http://www.loc.gov/MARC21/slim" xmlns:cinclude="http://apache.org/cocoon/include/1.0" xmlns:zs="http://www.loc.gov/zing/srw/">
  <leader>00318nz  a2200121n  4500</leader>
  <controlfield tag="001">nr2003014257</controlfield>
  <controlfield tag="003">DLC</controlfield>
  <controlfield tag="005">20030429033118.0</controlfield>
  <controlfield tag="008">030423n| acannaabn          |n aaa     c</controlfield>
  <datafield tag="010" ind1=" " ind2=" ">
    <subfield code="a">nr2003014257</subfield>
  </datafield>
  <datafield tag="040" ind1=" " ind2=" ">
    <subfield code="a">NNU</subfield>
    <subfield code="b">eng</subfield>
    <subfield code="c">NNU</subfield>
  </datafield>
  <datafield tag="100" ind1="1" ind2=" ">
    <subfield code="a">Atallah, Elias</subfield>
  </datafield>
  <datafield tag="670" ind1=" " ind2=" ">
    <subfield code="a">Le synode libanais de 1736, c2001:</subfield>
    <subfield code="b">t. 1, t.p. (Elias Atallah)</subfield>
  </datafield>
</record>